<?xml version="1.0" encoding="UTF-8"?><collection xmlns="http://www.loc.gov/MARC21/slim"><record><leader>00496nam--2200145-i-4500</leader><controlfield tag="001">000003713</controlfield><controlfield tag="002">20161230</controlfield><controlfield tag="005">20170304192641</controlfield><controlfield tag="008">060222s1000------------r-----000-0-eng-d</controlfield><datafield ind1=" " ind2=" " tag="100"><subfield code="a">Bursuc, Ilie</subfield></datafield><datafield ind1=" " ind2=" " tag="245"><subfield code="a">O metoda de determinare a conductibilitatii te rmice la metale in regim stational. Conductibi litatea termica la fier si bi.in cimp magnetic autoreferatul disertatiei</subfield></datafield><datafield ind1=" " ind2=" " tag="260"><subfield code="a">Iasi</subfield><subfield code="b">Litogr.Invatamintului</subfield><subfield code="c">1957</subfield></datafield><datafield ind1=" " ind2=" " tag="300"><subfield code="a">29 p</subfield></datafield><datafield ind1=" " ind2=" " tag="852"><subfield code="a">536.21.23</subfield></datafield><datafield ind1=" " ind2=" " tag="CAT"><subfield code="a">SYS</subfield><subfield code="c">20170304</subfield><subfield code="h">192641</subfield></datafield></record></collection>